Bibliography

@article{aflatoxins1979other,
  title={Other Mycotoxins: An Agricultural Perspective CAST Report No. 80},
  author={Aflatoxins, CAST},
  journal={Council for Agricultural Science and Technology: Ames, IA},
  year={1979}
}

@article{battilani2014global,
  title={Global risk maps for mycotoxins in wheat and maize},
  author={Battilani, Paola and Logrieco, Antonio F},
  journal={Mycotoxin reduction in grain chains},
  pages={309--326},
  year={2014},
  publisher={Wiley Online Library}
}

@article{diener1987epidemiology,
  title={Epidemiology of aflatoxin formation by Aspergillus flavus},
  author={Diener, Urban L and Cole, Richard J and Sanders, Timothy H and Payne, Gary A and Lee, Louise S and Klich, Maren A},
  journal={Annual review of phytopathology},
  volume={25},
  number={1},
  pages={249--270},
  year={1987},
  publisher={Annual Reviews 4139 El Camino Way, PO Box 10139, Palo Alto, CA 94303-0139, USA}
}
@article{kriticos2012climond,
  title={CliMond: global high-resolution historical and future scenario climate surfaces for bioclimatic modelling},
  author={Kriticos, Darren J and Webber, Bruce L and Leriche, Agathe and Ota, Noboru and Macadam, Ian and Bathols, Janice and Scott, John K},
  journal={Methods in Ecology and Evolution},
  volume={3},
  number={1},
  pages={53--64},
  year={2012},
  publisher={Wiley Online Library}
}

@article{siebert2013update,
  title={Update of the digital global map of irrigation areas to version 5},
  author={Siebert, Stefan and Henrich, Verena and Frenken, Karen and Burke, Jacob},
  journal={Rheinische Friedrich-Wilhelms-Universit{\"a}t, Bonn, Germany and Food and Agriculture Organization of the United Nations, Rome, Italy},
  year={2013}
}
@article{rolle2022climate,
  title={Climate-driven trends in agricultural water requirement: an ERA5-based assessment at daily scale over 50 years},
  author={Rolle, Matteo and Tamea, Stefania and Claps, Pierluigi},
  journal={Environmental Research Letters},
  volume={17},
  number={4},
  pages={044017},
  year={2022},
  publisher={IOP Publishing}
}

@Manual{RStudio,
    title = {RStudio: Integrated Development Environment for R},
    author = {{Posit team}},
    organization = {Posit Software, PBC},
    address = {Boston, MA},
    year = {2023},
    url = {http://www.posit.com/},
  }

@article{barbet2012selecting,
  title={Selecting pseudo-absences for species distribution models: How, where and how many?},
  author={Barbet-Massin, Morgane and Jiguet, Fr{\'e}d{\'e}ric and Albert, C{\'e}cile H{\'e}l{\`e}ne and Thuiller, Wilfried},
  journal={Methods in ecology and evolution},
  volume={3},
  number={2},
  pages={327--338},
  year={2012},
  publisher={Wiley Online Library}
}

@article{phillips2006maximum,
  title={Maximum entropy modeling of species geographic distributions},
  author={Phillips, Steven J and Anderson, Robert P and Schapire, Robert E},
  journal={Ecological modelling},
  volume={190},
  number={3-4},
  pages={231--259},
  year={2006},
  publisher={Elsevier}
}

@misc{https://doi.org/10.15468/dl.cak6s3,
  doi = {10.15468/DL.CAK6S3},
  url = {https://www.gbif.org/occurrence/download/0241261-230224095556074},
  author = {{GBIF.Org User}},
  keywords = {GBIF, biodiversity, species occurrences},
  title = {Occurrence Download},
  publisher = {The Global Biodiversity Information Facility},
  year = {2023},
  copyright = {Creative Commons Attribution Non Commercial 4.0 International}
}

@article{10.1079/cabicompendium.7432,
author = {CABI},
year = {2022},
issue_date = {January 2022},
publisher = {CABI International},
volume = {CABI Compendium},
url = {https://doi.org/10.1079/cabicompendium.7432},
abstract = {This datasheet on Aspergillus flavus covers Identity, Overview, Distribution, Dispersal, Hosts/Species Affected, Diagnosis, Biology &amp; Ecology, Seedborne Aspects, Natural Enemies, Impacts, Prevention/Control, Further Information.},
journal = {CABI Compendium}
}
@article{jaime2010crop,
  title={Crop rotation and soil temperature influence the community structure of Aspergillus flavus in soil},
  author={Jaime-Garcia, Ramon and Cotty, Peter J},
  journal={Soil Biology and Biochemistry},
  volume={42},
  number={10},
  pages={1842--1847},
  year={2010},
  publisher={Elsevier}
}
@article{holmquist1983influence,
  title={Influence of temperature, pH, water activity and antifungal agents on growth of Aspergillus flavus and A. parasiticus},
  author={Holmquist, GU and Walker, HW and Stahr, HM},
  journal={Journal of Food Science},
  volume={48},
  number={3},
  pages={778--782},
  year={1983},
  publisher={Wiley Online Library}
}

@article{valavi2022predictive,
  title={Predictive performance of presence-only species distribution models: a benchmark study with reproducible code},
  author={Valavi, Roozbeh and Guillera-Arroita, Gurutzeta and Lahoz-Monfort, Jos{\'e} J and Elith, Jane},
  journal={Ecological Monographs},
  volume={92},
  number={1},
  pages={e01486},
  year={2022},
  publisher={Wiley Online Library}
}

@article{khormi2014climate,
  title={Climate change and the potential global distribution of Aedes aegypti: spatial modelling using geographical information system and CLIMEX},
  author={Khormi, Hassan M and Kumar, Lalit},
  journal={Geospatial health},
  volume={8},
  number={2},
  pages={405--415},
  year={2014}
}

@article{ramirez2017global,
  title={Global alterations in areas of suitability for maize production from climate change and using a mechanistic species distribution model (CLIMEX)},
  author={Ramirez-Cabral, Nadiezhda YZ and Kumar, Lalit and Shabani, Farzin},
  journal={Scientific reports},
  volume={7},
  number={1},
  pages={5910},
  year={2017},
  publisher={Nature Publishing Group UK London}
}

@article{kriticos2015climex,
  title={CLIMEX Version 4: Exploring the effects of climate on plants, animals and diseases},
  author={Kriticos, DJ and Maywald, GF and Yonow, T and Zurcher, EJ and Herrmann, NI and Sutherst, RW},
  journal={Canberra: CSIRO},
  volume={184},
  year={2015}
}

@article{byeon2018review,
  title={Review of CLIMEX and MaxEnt for studying species distribution in South Korea},
  author={Byeon, Dae-hyeon and Jung, Sunghoon and Lee, Wang-Hee},
  journal={Journal of Asia-Pacific Biodiversity},
  volume={11},
  number={3},
  pages={325--333},
  year={2018},
  publisher={Elsevier}
}

@article{SUTHERST1985281,
title = {A computerised system for matching climates in ecology},
journal = {Agriculture, Ecosystems & Environment},
volume = {13},
number = {3},
pages = {281-299},
year = {1985},
issn = {0167-8809},
doi = {https://doi.org/10.1016/0167-8809(85)90016-7},
url = {https://www.sciencedirect.com/science/article/pii/0167880985900167},
author = {R.W. Sutherst and G.F. Maywald},
abstract = {A computer-based system (CLIMEX) is described which enables the prediction of an animal's potential relative abundance and distribution around the world, using biological data and observations on geographical distribution. Separate indices describe the potential of a population firstly to grow, and secondly to persist through climatically unfavourable periods. The indices are then combined to give an “Ecoclimatic Index”, which describes the overall climatic favourability of any location for that animal. The system is applicable in such areas as quarantine, biological control, pest management and epidemiology. Examples from veterinary entomology, using the ticks Boophilus microplus, Rhipicephalus appendiculatus and Amblyomma variegatum, and the flies Haematobia spp., are used to illustrate how CLIMEX can provide insight into likely changes in population size within years, between years and between places. The caveats usually associated with climatic matching are reiterated.}
}

@article{haerani2020climate,
  title={The climate-induced alteration of future geographic distribution of aflatoxin in peanut crops and its adaptation options},
  author={Haerani, Haerani and Apan, Armando and Basnet, Badri},
  journal={Mitigation and Adaptation Strategies for Global Change},
  volume={25},
  pages={1149--1175},
  year={2020},
  publisher={Springer}
}

@article{payne1983effect,
  title={Effect of specific amino acids on growth and aflatoxin production by Aspergillus parasiticus and Aspergillus flavus in defined media},
  author={Payne, GARY A and Hagler Jr, WINSTON M},
  journal={Applied and Environmental Microbiology},
  volume={46},
  number={4},
  pages={805--812},
  year={1983},
  publisher={Am Soc Microbiol}
}
@article{liu2021physico,
  title={Physico-chemical characteristics and aflatoxins production of Atractylodis Rhizoma to different storage temperatures and humidities},
  author={Liu, Qiutao and Jiang, Lingling and Xiao, Lihe and Kong, Weijun},
  journal={AMB Express},
  volume={11},
  number={1},
  pages={1--10},
  year={2021},
  publisher={SpringerOpen}
}

@article{chauhan2015improved,
  title={An improved simulation model to predict pre-harvest aflatoxin risk in maize},
  author={Chauhan, Yashvir and Tatnell, Jeff and Krosch, Stephen and Karanja, James and Gnonlonfin, Benoit and Wanjuki, Immaculate and Wainaina, James and Harvey, Jagger},
  journal={Field Crops Research},
  volume={178},
  pages={91--99},
  year={2015},
  publisher={Elsevier}
}

@book{bennett1992aspergillus,
  title={Aspergillus: biology and industrial applications},
  author={Bennett, Joan W and Klich, Maren A},
  year={1992},
  publisher={Butterworth-Heinemann Boston}
}
@article{bernaldez2017influence,
  title={The influence of ecophysiological factors on growth, aflR gene expression and aflatoxin B1 production by a type strain of Aspergillus flavus},
  author={Bernaldez, Victoria and Cordoba, Juan J and Magan, Naresh and Peromingo, Belen and Rodriguez, Alicia},
  journal={LWT-Food Science and Technology},
  volume={83},
  pages={283--291},
  year={2017},
  publisher={Elsevier}
}

@book{goldblatt2012aflatoxin,
  title={Aflatoxin: scientific background, control, and implications},
  author={Goldblatt, Leo},
  year={2012},
  publisher={Elsevier}
}

@article{scussel2006study,
  title={Study of aflatoxin exposure in a Brazilian population using an aflatoxin-albumin biomarker},
  author={Scussel, VM and Haas, P and Gong, YY and Turner, PC and Wild, CP},
  journal={Mycotoxins and phycotoxins: Advances in determination, toxicology and exposure management},
  pages={197--202},
  year={2006},
  publisher={Wageningen Academic Publishers Wageningen, The Netherlands}
}
@article{valencia2020environment,
  title={Environment changes, aflatoxins, and health issues, a review},
  author={Valencia-Quintana, Rafael and Mili{\'c}, Mirta and Jak{\v{s}}i{\'c}, Daniela and {\v{S}}egvi{\'c} Klari{\'c}, Maja and Tenorio-Arvide, Mar{\'\i}a Guadalupe and P{\'e}rez-Flores, Guillermo Alejandro and Bonassi, Stefano and S{\'a}nchez-Alarc{\'o}n, Juana},
  journal={International Journal of Environmental Research and Public Health},
  volume={17},
  number={21},
  pages={7850},
  year={2020},
  publisher={MDPI}
}
@article{wu2015global,
  title={Global impacts of aflatoxin in maize: trade and human health},
  author={Wu, Fang},
  journal={World Mycotoxin Journal},
  volume={8},
  number={2},
  pages={137--142},
  year={2015},
  publisher={Wageningen Academic Publishers}
}
@article{gilbert2017carbon,
  title={Carbon dioxide mediates the response to temperature and water activity levels in Aspergillus flavus during infection of maize kernels},
  author={Gilbert, Matthew K and Medina, Angel and Mack, Brian M and Lebar, Matthew D and Rodr{\'\i}guez, Alicia and Bhatnagar, Deepak and Magan, Naresh and Obrian, Gregory and Payne, Gary},
  journal={Toxins},
  volume={10},
  number={1},
  pages={5},
  year={2017},
  publisher={MDPI}
}
@article{norlia2019aspergillus,
  title={Aspergillus section Flavi and aflatoxins: Occurrence, detection, and identification in raw peanuts and peanut-based products along the supply chain},
  author={Norlia, Mahror and Jinap, Selamat and Nor-Khaizura, Mahmud Ab Rashid and Radu, Son and Samsudin, Nik Iskandar Putra and Azri, Farah Asilah},
  journal={Frontiers in microbiology},
  volume={10},
  pages={2602},
  year={2019},
  publisher={Frontiers Media SA}
}
@article{gizachew2019aflatoxin,
  title={Aflatoxin B1 (AFB1) production by Aspergillus flavus and Aspergillus parasiticus on ground Nyjer seeds: The effect of water activity and temperature},
  author={Gizachew, Dawit and Chang, Chih-Hsuan and Szonyi, Barbara and De La Torre, Sandra and Ting, Wei-tsyi Evert},
  journal={International journal of food microbiology},
  volume={296},
  pages={8--13},
  year={2019},
  publisher={Elsevier}
}
@article{amaike2011aspergillus,
  title={Aspergillus flavus},
  author={Amaike, Saori and Keller, Nancy P},
  journal={Annual review of phytopathology},
  volume={49},
  pages={107--133},
  year={2011},
  publisher={Annual Reviews}
}
@article{kumar2017aflatoxins,
  title={Aflatoxins: A global concern for food safety, human health and their management},
  author={Kumar, Pradeep and Mahato, Dipendra K and Kamle, Madhu and Mohanta, Tapan K and Kang, Sang G},
  journal={Frontiers in microbiology},
  volume={7},
  pages={2170},
  year={2017},
  publisher={Frontiers Media SA}
}

@misc{international2019global,
  title={Global spatially-disaggregated crop production statistics data for 2010 version 2.0},
  author={International Food Policy Research Institute},
  journal={Harvard dataverse, v4},
  year={2019},
  publisher={Harvard Library Cambridge, MA}
}
@article{international2012review,
  title={A Review of Human Carcinogens. F. Chemical Agents and Related Occupations: IARC Monographs on the Evaluation of Carcinogenic Risks to Humans},
  author={International Agency for Research on Cancer},
  year={2012},
  publisher={International Agency for Research on Cancer}
}

@inproceedings{yao2006hyperspectral,
  title={Hyperspectral bright greenish-yellow fluorescence (BGYF) imaging of aflatoxin contaminated corn kernels},
  author={Yao, Haibo and Hruska, Zuzana and Brown, Robert L and Cleveland, Thomas E},
  booktitle={Optics for Natural Resources, Agriculture, and Foods},
  volume={6381},
  pages={84--91},
  year={2006},
  organization={SPIE}
}
@article{liu2005selecting,
  title={Selecting thresholds of occurrence in the prediction of species distributions},
  author={Liu, Canran and Berry, Pam M and Dawson, Terence P and Pearson, Richard G},
  journal={Ecography},
  volume={28},
  number={3},
  pages={385--393},
  year={2005},
  publisher={Wiley Online Library}
}

@article{scenarios2000ipcc,
  title={IPCC special report},
  author={Scenarios, Emissions},
  journal={Cambridge Univ, Cambridge},
  year={2000}
}

@article{kim2013occurrence,
  title={Occurrence of aflatoxin and aflatoxigenic Aspergillus species in corn harvested in Korea},
  author={Kim, Dong Min and Lee, Nari and Kim, Seung Min and Chung, Soo Hyun and Kim, Meehye and Han, Sang Bae and Chun, Hyang Sook},
  journal={Journal of the Korean Society for Applied Biological Chemistry},
  volume={56},
  pages={221--225},
  year={2013},
  publisher={Springer}
}

@article{samuel2013aflatoxin,
  title={Aflatoxin B-1 occurrence, biosynthesis and its degradation},
  author={Samuel, S Melvin and Aiko, Visenuo and Panda, Pragyanshree and Mehta, Alka},
  journal={Journal of Pure and Applied Microbiology},
  volume={7},
  number={2},
  pages={965--971},
  year={2013},
  publisher={DR MN KHAN 54, NEAR POST OFFICE, THANA ST, BHOPAL, SHAHJAHANABAD 462 001, INDIA}
}

@article{ehrlich2014non,
  title={Non-aflatoxigenic Aspergillus flavus to prevent aflatoxin contamination in crops: advantages and limitations},
  author={Ehrlich, Kenneth C},
  journal={Frontiers in microbiology},
  volume={5},
  pages={50},
  year={2014},
  publisher={Frontiers Media SA}
}

@article{monda2020variation,
  title={Variation in occurrence and aflatoxigenicity of Aspergillus flavus from two climatically varied regions in Kenya},
  author={Monda, Ethel and Masanga, Joel and Alakonya, Amos},
  journal={Toxins},
  volume={12},
  number={1},
  pages={34},
  year={2020},
  publisher={MDPI}
}

@article{hao2020testing,
  title={Testing whether ensemble modelling is advantageous for maximising predictive performance of species distribution models},
  author={Hao, Tianxiao and Elith, Jane and Lahoz-Monfort, Jos{\'e} J and Guillera-Arroita, Gurutzeta},
  journal={Ecography},
  volume={43},
  number={4},
  pages={549--558},
  year={2020},
  publisher={Wiley Online Library}
}

@article{mchugh2012interrater,
  title={Interrater reliability: the kappa statistic},
  author={McHugh, Mary L},
  journal={Biochemia medica},
  volume={22},
  number={3},
  pages={276--282},
  year={2012},
  publisher={Medicinska naklada}
}

@article{mandrekar2010receiver,
  title={Receiver operating characteristic curve in diagnostic test assessment},
  author={Mandrekar, Jayawant N},
  journal={Journal of Thoracic Oncology},
  volume={5},
  number={9},
  pages={1315--1316},
  year={2010},
  publisher={Elsevier}
}

@article{yu2022climate,
  title={Climate change will increase aflatoxin presence in US Corn},
  author={Yu, Jina and Hennessy, David A and Tack, Jesse and Wu, Felicia},
  journal={Environmental Research Letters},
  volume={17},
  number={5},
  pages={054017},
  year={2022},
  publisher={IOP Publishing}
}
@article{liu2010global,
  title={Global burden of aflatoxin-induced hepatocellular carcinoma: a risk assessment},
  author={Liu, Yan and Wu, Felicia},
  journal={Environmental health perspectives},
  volume={118},
  number={6},
  pages={818--824},
  year={2010},
  publisher={National Institute of Environmental Health Sciences}
}

@article{an1980factors,
  title={Factors influencing infection by Aspergillus flavus in silk-inoculated corn},
  author={An aflatoxin-producing, Inoculation},
  journal={Plant Disease},
  volume={64},
  number={9},
  pages={859},
  year={1980}
}

@article{wang2011changes,
  title={Changes in yield and yield components of single-cross maize hybrids released in China between 1964 and 2001},
  author={Wang, Tianyu and Ma, Xinglin and Li, Yu and Bai, Dapeng and Liu, Cheng and Liu, Zhizhai and Tan, Xianjie and Shi, Yunsu and Song, Yanchun and Carlone, Mario and others},
  journal={Crop Science},
  volume={51},
  number={2},
  pages={512--525},
  year={2011},
  publisher={Wiley Online Library}
}

@article{al2012prevalence,
  title={The prevalence of aflatoxinogenic Aspergillus parasiticus in Jordan},
  author={Al-Hmoud, Nisreen and Ibrahim, Mohammed A and Al-Rousan, Hiyam and Alseyah, Abbas and others},
  journal={International Journal of Microbiology},
  volume={2012},
  year={2012},
  publisher={Hindawi}
}

@article{ramirez2017global,
  title={Global alterations in areas of suitability for maize production from climate change and using a mechanistic species distribution model (CLIMEX)},
  author={Ramirez-Cabral, Nadiezhda YZ and Kumar, Lalit and Shabani, Farzin},
  journal={Scientific reports},
  volume={7},
  number={1},
  pages={5910},
  year={2017},
  publisher={Nature Publishing Group UK London}
}

@article{mitchell2016potential,
  title={Potential economic losses to the US corn industry from aflatoxin contamination},
  author={Mitchell, Nicole J and Bowers, Erin and Hurburgh, Charles and Wu, Felicia},
  journal={Food Additives \& Contaminants: Part A},
  volume={33},
  number={3},
  pages={540--550},
  year={2016},
  publisher={Taylor \& Francis}
}

@article{gallo2016effect,
  title={Effect of temperature and water activity on gene expression and aflatoxin biosynthesis in Aspergillus flavus on almond medium},
  author={Gallo, Antonia and Solfrizzo, Michele and Epifani, Filomena and Panzarini, Giuseppe and Perrone, Giancarlo},
  journal={International journal of food microbiology},
  volume={217},
  pages={162--169},
  year={2016},
  publisher={Elsevier}
}

@article{wu2016aflatoxin,
  title={Aflatoxin contamination of peanuts at harvest in China from 2010 to 2013 and its relationship with climatic conditions},
  author={Wu, LX and Ding, XX and Li, PW and Du, XH and Zhou, HY and Bai, Y Zh and Zhang, LX},
  journal={Food Control},
  volume={60},
  pages={117--123},
  year={2016},
  publisher={Elsevier}
}

@article{setamou1998effect,
  title={Effect of insect damage to maize ears, with special reference to Mussidia nigrivenella (Lepidoptera: Pyralidae), on Aspergillus flavus (Deuteromycetes: Monoliales) infection and aflatoxin production in maize before harvest in the Republic of Benin},
  author={S{\'e}tamou, M and Cardwell, KF and Schulthess, F and Hell, K},
  journal={Journal of Economic Entomology},
  volume={91},
  number={2},
  pages={433--438},
  year={1998},
  publisher={Oxford University Press Oxford, UK}
}

@article{early2022comparing,
  title={Comparing, evaluating and combining statistical species distribution models and CLIMEX to forecast the distributions of emerging crop pests},
  author={Early, Regan and Rwomushana, Ivan and Chipabika, Gilson and Day, Roger},
  journal={Pest Management Science},
  volume={78},
  number={2},
  pages={671--683},
  year={2022},
  publisher={Wiley Online Library}
}
@article{hutchinson2009anuclim,
  title={ANUCLIM 6.0 user’s guide},
  author={Hutchinson, M and Xu, T and Houlder, D and Nix, H and McMahon, J},
  journal={Fenner School of Environment and Society, Australian National University, Canberra},
  year={2009}
}

@article{kriticos2014extending,
  title={Extending the suite of bioclim variables: a proposed registry system and case study using principal components analysis},
  author={Kriticos, Darren J and Jaro{\v{s}}ik, Vojt{\u{e}}ch and Ota, Noboru},
  journal={Methods in Ecology and Evolution},
  volume={5},
  number={9},
  pages={956--960},
  year={2014},
  publisher={Wiley Online Library}
}

@article{gbashi2018socio,
  title={The socio-economic impact of mycotoxin contamination in Africa},
  author={Gbashi, Sefater and Madala, Ntakadzeni Edwin and De Saeger, Sarah and De Boevre, Marthe and Adekoya, Ifeoluwa and Adebo, Oluwafemi Ayodeji and Njobeh, Patrick Berka},
  journal={Fungi and mycotoxins-their occurrence, impact on health and the economy as well as pre-and postharvest management strategies (ed. Njobeh, PB)},
  pages={1--20},
  year={2018}
}

@article{kamano2022storage,
  title={Storage conditions and postharvest practices lead to aflatoxin contamination in maize in two counties (Makueni and Baringo) in Kenya.},
  author={Kamano, Hannah Mugure and Okoth, Michael Wandayi and Makau, Wambui-Kogi and Kuloba, Patrick and Gitahi, Nduhiu},
  journal={Open Agriculture},
  volume={7},
  number={1},
  year={2022}
}

@article{mitchell2005improved,
  title={An improved method of constructing a database of monthly climate observations and associated high-resolution grids},
  author={Mitchell, Timothy D and Jones, Philip D},
  journal={International Journal of Climatology: A Journal of the Royal Meteorological Society},
  volume={25},
  number={6},
  pages={693--712},
  year={2005},
  publisher={Wiley Online Library}
}

@article{arrus2005aflatoxin,
  title={Aflatoxin production by Aspergillus flavus in Brazil nuts},
  author={Arrus, K and Blank, G and Abramson, D and Clear, R and Holley, RA},
  journal={Journal of Stored Products Research},
  volume={41},
  number={5},
  pages={513--527},
  year={2005},
  publisher={Elsevier}
}

@article{mannaa2017influence,
  title={Influence of temperature and water activity on deleterious fungi and mycotoxin production during grain storage},
  author={Mannaa, Mohamed and Kim, Ki Deok},
  journal={Mycobiology},
  volume={45},
  number={4},
  pages={240--254},
  year={2017},
  publisher={Taylor \& Francis}
}

@article{norlia2020modelling,
  title={Modelling the effect of temperature and water activity on the growth rate of Aspergillus flavus and aflatoxin production in peanut meal extract agar},
  author={Norlia, Mahror and Jinap, Selamat and Nor-Khaizura, Mahmud Ab Rashid and Radu, Son and John, Joshua Mark and Rahman, Mohd Azuar Hamizan and Peter, Mshelia Ladi and Sharif, Zawiyah},
  journal={International journal of food microbiology},
  volume={335},
  pages={108836},
  year={2020},
  publisher={Elsevier}
}

@article{lahouar2016effects,
  title={Effects of temperature, water activity and incubation time on fungal growth and aflatoxin B1 production by toxinogenic Aspergillus flavus isolates on sorghum seeds},
  author={Lahouar, Amani and Marin, Sonia and Crespo-Sempere, Ana and Sa{\"\i}d, Salem and Sanchis, Vicente},
  journal={Revista Argentina de microbiologia},
  volume={48},
  number={1},
  pages={78--85},
  year={2016},
  publisher={Elsevier}
}

@article{monnier2023species,
  title={Species Distribution Models predict abundance and its temporal variation in a steppe bird population},
  author={Monnier-Corbel, Alice and Robert, Alexandre and Hingrat, Yves and Benito, Blas M and Monnet, Anne-Christine},
  journal={Global Ecology and Conservation},
  volume={43},
  pages={e02442},
  year={2023},
  publisher={Elsevier}
}

@article{cosentino2021geographic,
  title={Is geographic sampling bias representative of environmental space?},
  author={Cosentino, Francesca and Maiorano, Luigi},
  journal={Ecological Informatics},
  volume={64},
  pages={101369},
  year={2021},
  publisher={Elsevier}
}

@article{hijmans2005very,
  title={Very high resolution interpolated climate surfaces for global land areas},
  author={Hijmans, Robert J and Cameron, Susan E and Parra, Juan L and Jones, Peter G and Jarvis, Andy},
  journal={International Journal of Climatology: A Journal of the Royal Meteorological Society},
  volume={25},
  number={15},
  pages={1965--1978},
  year={2005},
  publisher={Wiley Online Library}
}

@article{mannaa2017influence,
  title={Influence of temperature and water activity on deleterious fungi and mycotoxin production during grain storage},
  author={Mannaa, Mohamed and Kim, Ki Deok},
  journal={Mycobiology},
  volume={45},
  number={4},
  pages={240--254},
  year={2017},
  publisher={Taylor \& Francis}
}

@article{hao2020testing,
  title={Testing whether ensemble modelling is advantageous for maximising predictive performance of species distribution models},
  author={Hao, Tianxiao and Elith, Jane and Lahoz-Monfort, Jos{\'e} J and Guillera-Arroita, Gurutzeta},
  journal={Ecography},
  volume={43},
  number={4},
  pages={549--558},
  year={2020},
  publisher={Wiley Online Library}
}

@article{hassane2017influence,
  title={Influence of different moisture contents and temperature on growth and production of aflatoxin B1 by a toxigenic Aspergillus flavus isolate in wheat flour},
  author={Hassane, AMA and El-Shanawany, AA and Abo-Dahab, NF and Abdel-Hadi, AM and Abdul-Raouf, UM and Mwanza, M},
  journal={J. Ecol. Heal. Environ},
  volume={5},
  pages={77--83},
  year={2017}
}
@article{chuaysrinule2020comparative,
  title={Comparative study on the effect of temperature and water activity on Aspergillus flavus and Aspergillus carbonarius isolates growth and mycotoxin production on a chili powder medium},
  author={Chuaysrinule, Chananya and Mahakarnchanakul, Warapa and Maneeboon, Thanapoom},
  journal={Cogent Food \& Agriculture},
  volume={6},
  number={1},
  pages={1782097},
  year={2020},
  publisher={Taylor \& Francis}
}

@article{kumar2021aflatoxin,
  title={Aflatoxin contamination in food crops: causes, detection, and management: a review},
  author={Kumar, Abhishek and Pathak, Hardik and Bhadauria, Seema and Sudan, Jebi},
  journal={Food Production, Processing and Nutrition},
  volume={3},
  pages={1--9},
  year={2021},
  publisher={Springer}
}
@Article{SSDM,
    title = {SSDM: an R package to predict distribution of species
      richness and endemism based on stacked species distribution
      models},
    author = {Sylvain Schmitt and Robin Pouteau and Dimitri Justeau and
      Florian {de Boissieu} and Philippe Birnbaum},
    journal = {Methods in Ecology and Evolution},
    volume = {8},
    number = {12},
    issn = {2041-210X},
    url = {http://doi.wiley.com/10.1111/2041-210X.12841},
    doi = {10.1111/2041-210X.12841},
    pages = {1795--1803},
    year = {2017},
  }


  @Article{rgbif,
    title = {R Python, and Ruby clients for GBIF species occurrence
      data},
    author = {Scott Chamberlain and Carl Boettiger},
    journal = {PeerJ PrePrints},
    year = {2017},
    publisher = {PeerJ, Inc.},
    url = {https://doi.org/10.7287/peerj.preprints.3304v1},
  }

@Article{coordclean,
    title = {CoordinateCleaner: standardized cleaning of occurrence
      records from biological collection databases},
    author = {Alexander Zizka and Daniele Silvestro and Tobias
      Andermann and Josue Azevedo and Camila {Duarte Ritter} and Daniel
      Edler and Harith Farooq and Andrei Herdean and Maria Ariza and
      Ruud Scharn and Sten Svanteson and Niklas Wengstrom and Vera
      Zizka and Alexandre Antonelli},
    journal = {Methods in Ecology and Evolution},
    number = {10},
    pages = {-7},
    year = {2019},
    note = {R package version 2.0-20},
    doi = {10.1111/2041-210X.13152},
    url = {https://github.com/ropensci/CoordinateCleaner},
  }

@Article{tmap,
    title = {{tmap}: Thematic Maps in {R}},
    author = {Martijn Tennekes},
    journal = {Journal of Statistical Software},
    year = {2018},
    volume = {84},
    number = {6},
    pages = {1--39},
    doi = {10.18637/jss.v084.i06},
  }
